@article{mclean,
	title	= {A Method for Predicting Indoor Model Duration},
	author	= {McLean, Doug},
	journal	= {NFFS Symposium},
	pages	= {54--60},
	year	= {1976},
	publisher	= {National Free Flight Society}
}

@article{hodson,
	title	= {Gary Hodson's Wart A-6},
	author	= {Hodson, Gary},
	journal	= {NFFS Symposium},
	pages	= {172--173},
	year	= {2010},
	publisher	= {National Free Flight Society}
}
