%% This BibTeX bibliography file was created using BibDesk.
%% https://bibdesk.sourceforge.io/

%% Created for Roie Black at 2021-10-27 15:41:22 -0500


%% Saved with string encoding Unicode (UTF-8)



@article{mclean,
	author = {McLean, Doug},
	journal = {National Free Flight Association Symposium},
	title = {A method for Predicting Indoor Model Duration},
	year = 1976}

@misc{openscad,
	author = {Kintel, Marius},
	keywords = {Maintainer},
	title = {{OpenSCAD - The Programmers Solid 3D CAD Modeller}},
	url = {https://www.openscad.org/},
	urldate = {2021-01-10},
	year = 2021,
	Bdsk-Url-1 = {https://www.openscad.org/}}

@misc{sympy,
	author = {Developers, SymPy},
	title = {{SymPy}},
	url = {https://www.sympy.org/en/index.html},
	year = {2021},
	Bdsk-Url-1 = {https://www.sympy.org/en/index.html}}

@misc{python,
	author = {Developers, Python},
	title = {{Python}},
	url = {https://www.python.org/index.html},
	year = {2021},
	Bdsk-Url-1 = {https://www.python.org/index.html}}

@book{vonmises,
  title={Theory of Flight},
  author={Von Mises, R.},
  isbn={9780486605418},
  lccn={59004203},
  series={Dover Books on Aeronautical Engineering Series},
  url={https://books.google.com/books?id=CUSR9iLagWkC},
  year={1959},
  publisher={Dover Publications}
}


@InProceedings{ poore,
  author    = { {G}eoffrey {M} {P}oore },
  title     = { {R}eproducible {D}ocuments with {P}ython{T}e{X} },
  booktitle = { {P}roceedings of the 12th {P}ython in {S}cience {C}onference },
  pages     = { 74 - 80 },
  year      = { 2013 },
  editor    = { {S}t\'efan van der {W}alt and {J}arrod {M}illman and {K}aty {H}uff },
  doi       = { 10.25080/Majora-8b375195-00d }
}
