@article{mclean,
title	= {A Method for Predicting Indoor Model Duration},
author	= {McLean, Doug},
journal	= {NFFS Symposium},
pages	= {54--60},
year	= {1976},
publisher	= {National Free Flight Society}
}

@article{hodson,
title	= {Gary Hodson's Wart A-6},
author	= {Hodson, Gary},
journal	= {NFFS Symposium},
pages	= {172--173},
year	= {2010},
publisher	= {National Free Flight Society}
}

@misc{sympy,
author = {Developers, SymPy},
title = {{SymPy}},
url = {https://www.sympy.org/en/index.html},
year = {2021}
}

@book{vonmises,
author = {Von Mises, Richard},
title = {Theory of Flight},
year = {1945},
publisher = {Dover Publications, Inc}
}

@article{rblack,
title	= {Designing an Indoor Model Using OpenSCAD},
author	= {Black, Roie},
journal	= {NFFS Symposium},
pages	= {65--84},
year	= {2021},
publisher	= {National Free Flight Society}
}

